@article{朱雪田20195g,
  title={5G 车联网技术与标准进展},
  author={朱雪田},
  journal={电子技术应用},
  volume={45},
  number={8},
  pages={1--4},
  year={2019}
}
@article{sakiz2017survey,
  title={A survey of attacks and detection mechanisms on intelligent transportation systems: VANETs and IoV},
  author={Sakiz, Fatih and Sen, Sevil},
  journal={Ad Hoc Networks},
  volume={61},
  pages={33--50},
  year={2017},
  publisher={Elsevier}
}
@article{dorri2017blockchain,
  title={Blockchain: A distributed solution to automotive security and privacy},
  author={Dorri, Ali and Steger, Marco and Kanhere, Salil S and Jurdak, Raja},
  journal={IEEE Communications Magazine},
  volume={55},
  number={12},
  pages={119--125},
  year={2017},
  publisher={IEEE}
}
@article{klapez2020application,
  title={Application-level performance of ieee 802.11 p in safety-related v2x field trials},
  author={Klapez, Martin and Grazia, Carlo Augusto and Casoni, Maurizio},
  journal={IEEE Internet of Things Journal},
  volume={7},
  number={5},
  pages={3850--3860},
  year={2020},
  publisher={IEEE}
}
@article{汤立波2019车联网产业融合发展趋势,
  title={车联网产业融合发展趋势},
  author={汤立波 and 康陈},
  journal={电信科学},
  volume={35},
  number={11},
  pages={96--100},
  year={2019}
}
@article{mollah2020blockchain,
  title={Blockchain for the internet of vehicles towards intelligent transportation systems: A survey},
  author={Mollah, Muhammad Baqer and Zhao, Jun and Niyato, Dusit and Guan, Yong Liang and Yuen, Chau and Sun, Sumei and Lam, Kwok-Yan and Koh, Leong Hai},
  journal={IEEE Internet of Things Journal},
  year={2020},
  publisher={IEEE}
}
@article{袁勇2016区块链技术发展现状与展望,
  title={区块链技术发展现状与展望},
  author={袁勇 and 王飞跃},
  journal={自动化学报},
  volume={42},
  number={4},
  pages={481--494},
  year={2016}
}
@article{liu2019kalman,
  title={Kalman prediction-based neighbor discovery and its effect on routing protocol in vehicular ad hoc networks},
  author={Liu, Chunfeng and Zhang, Gang and Guo, Weisi and He, Ran},
  journal={IEEE Transactions on Intelligent Transportation Systems},
  volume={21},
  number={1},
  pages={159--169},
  year={2019},
  publisher={IEEE}
}
@article{yang2019maritime,
  title={Maritime shipping digitalization: Blockchain-based technology applications, future improvements, and intention to use},
  author={Yang, Chung-Shan},
  journal={Transportation Research Part E: Logistics and Transportation Review},
  volume={131},
  pages={108--117},
  year={2019},
  publisher={Elsevier}
}
@article{王震2019面向大数据应用的区块链解决方案综述,
  title={面向大数据应用的区块链解决方案综述},
  author={王震 and 周颖 and 黄赪东 and 苗泉强 and others},
  journal={计算机科学},
  volume={46},
  number={6A},
  pages={6--10},
  year={2019},
  publisher={重庆西南信息有限公司 (原科技部西南信息中心)}
}
@article{kar2016estonian,
  title={Estonian citizens will soon have the world’s most hack-proof health-care records},
  author={Kar, Ian},
  journal={Online]. Quartz, March},
  volume={3},
  year={2016}
}
@misc{oparah3ways,
  title={Ways that the blockchain will change the real estate market},
  author={Oparah, Don},
  year={3}
}
@article{范吉立2019区块链系统中智能合约技术综述,
  title={区块链系统中智能合约技术综述},
  author={范吉立 and 李晓华 and 聂铁铮 and 于戈},
  journal={计算机科学},
  volume={46},
  number={11},
  pages={1--10},
  year={2019}
}
@article{zhou2016virtual,
  title={A virtual globe-based vector data model: quaternary quadrangle vector tile model},
  author={Zhou, Mengyun and Chen, Jing and Gong, Jianya},
  journal={International Journal of Digital Earth},
  volume={9},
  number={3},
  pages={230--251},
  year={2016},
  publisher={Taylor \& Francis}
}
@article{garcia2013ols,
  title={An OLS regression model for context-aware tile prefetching in a web map cache},
  author={Garc{\'\i}a Mart{\'\i}n, Ricardo and de Castro Fern{\'a}ndez, Juan Pablo and Verdu Perez, Elena and Verd{\'u} P{\'e}rez, Mar{\'\i}a Jes{\'u}s and Regueras Santos, Luisa Mar{\'\i}a},
  journal={International Journal of Geographical Information Science},
  volume={27},
  number={3},
  pages={614--632},
  year={2013},
  publisher={Taylor \& Francis}
}
@inproceedings{wang2011improving,
  title={Improving data transmission in web applications via the translation between XML and JSON},
  author={Wang, Guanhua},
  booktitle={2011 Third International Conference on Communications and Mobile Computing},
  pages={182--185},
  year={2011},
  organization={IEEE}
}
@misc{braysperberg,
  title={sperberg—McQueen C M. Extensible Markup Language (XML) 1.0 [EB/0L]. 1998—02. http},
  author={Bray, T and Paoli, J}
}
@article{li2015performance,
  title={Performance improvement techniques for geospatial web services in a cyberinfrastructure environment--A case study with a disaster management portal},
  author={Li, Wenwen and Song, Miaomiao and Zhou, Bin and Cao, Kai and Gao, Song},
  journal={Computers, Environment and Urban Systems},
  volume={54},
  pages={314--325},
  year={2015},
  publisher={Elsevier}
}
@article{kahle2013ggmap,
  title={ggmap: Spatial Visualization with ggplot2},
  author={Kahle, David and Wickham, Hadley},
  journal={The R journal},
  volume={5},
  number={1},
  pages={144--161},
  year={2013}
}
@inproceedings{teslya2014web,
  title={Web mapping service for mobile tourist guide},
  author={Teslya, Nikolay},
  booktitle={Proceedings of 15th Conference of Open Innovations Association FRUCT},
  pages={135--143},
  year={2014},
  organization={IEEE}
}
@article{zhang2017blockchain,
  title={Blockchain based intelligent distributed electrical energy systems: needs, concepts, approaches and vision},
  author={Zhang, Jun and Gao, Wen Zhong and Zhang, Ying Chen and Zheng, Xin Hu and Yang, Liu Qing and Hao, Jun and Dai, Xiao Xiao},
  journal={Zidonghua Xuebao/Acta Automatica Sinica},
  volume={43},
  number={9},
  pages={1544--1554},
  year={2017},
  publisher={Science Press}
}
@inproceedings{hirtan2019blockchain,
  title={Blockchain-based approach for e-health data access management with privacy protection},
  author={Hirtan, Liviu and Krawiec, Piotr and Dobre, Ciprian and Batalla, Jordi Mongay},
  booktitle={2019 IEEE 24th International Workshop on Computer Aided Modeling and Design of Communication Links and Networks (CAMAD)},
  pages={1--7},
  year={2019},
  organization={IEEE}
}
@article{shrestha2019regional,
  title={Regional blockchain for vehicular networks to prevent 51\% attacks},
  author={Shrestha, Rakesh and Nam, Seung Yeob},
  journal={IEEE Access},
  volume={7},
  pages={95033--95045},
  year={2019},
  publisher={IEEE}
}
@article{sestrem2020cost,
  title={A cost analysis of implementing a blockchain architecture in a smart grid scenario using sidechains},
  author={Sestrem Och{\^o}a, Iago and Augusto Silva, Luis and de Mello, Gabriel and Garcia, Nuno M and de Paz Santana, Juan Francisco and Quietinho Leithardt, Valderi Reis},
  journal={Sensors},
  volume={20},
  number={3},
  pages={843},
  year={2020},
  publisher={Multidisciplinary Digital Publishing Institute}
}
@article{parkmonoxide,
  title={Monoxide: Scale out Blockchains with Asynchronous Consensus Zones, NSDI, 2019},
  author={Park, Youngjune and Wi, Minbok}
}
@inproceedings{zamani2018rapidchain,
  title={Rapidchain: Scaling blockchain via full sharding},
  author={Zamani, Mahdi and Movahedi, Mahnush and Raykova, Mariana},
  booktitle={Proceedings of the 2018 ACM SIGSAC Conference on Computer and Communications Security},
  pages={931--948},
  year={2018}
}
@article{feng2019pruneable,
  title={Pruneable sharding-based blockchain protocol},
  author={Feng, Xiaoqin and Ma, Jianfeng and Miao, Yinbin and Meng, Qian and Liu, Ximeng and Jiang, Qi and Li, Hui},
  journal={Peer-to-Peer Networking and Applications},
  volume={12},
  number={4},
  pages={934--950},
  year={2019},
  publisher={Springer}
}
@article{jo2018hybrid,
  title={Hybrid blockchain and internet-of-things network for underground structure health monitoring},
  author={Jo, Byung Wan and Khan, Rana Muhammad Asad and Lee, Yun-Sung},
  journal={Sensors},
  volume={18},
  number={12},
  pages={4268},
  year={2018},
  publisher={Multidisciplinary Digital Publishing Institute}
}
@article{liu2019mathsf,
  title={LightChain: A Lightweight Blockchain System for Industrial Internet of Things},
  author={Liu, Yinqiu and Wang, Kun and Lin, Yun and Xu, Wenyao},
  journal={IEEE Transactions on Industrial Informatics},
  volume={15},
  number={6},
  pages={3571--3581},
  year={2019},
  publisher={IEEE}
}
@article{honar2021multi,
  title={Multi-layer blockchain-based security architecture for internet of things},
  author={Honar Pajooh, Houshyar and Rashid, Mohammad and Alam, Fakhrul and Demidenko, Serge},
  journal={Sensors},
  volume={21},
  number={3},
  pages={772},
  year={2021},
  publisher={Multidisciplinary Digital Publishing Institute}
}
@article{qu2018blockchain,
  title={Blockchain based credibility verification method for IoT entities},
  author={Qu, Chao and Tao, Ming and Zhang, Jie and Hong, Xiaoyu and Yuan, Ruifen},
  journal={Security and Communication Networks},
  volume={2018},
  year={2018},
  publisher={Hindawi}
}
@article{sharma2018blockchain,
  title={Blockchain based hybrid network architecture for the smart city},
  author={Sharma, Pradip Kumar and Park, Jong Hyuk},
  journal={Future Generation Computer Systems},
  volume={86},
  pages={650--655},
  year={2018},
  publisher={Elsevier}
}
@article{mbarek2019mbs,
  title={MBS: multilevel blockchain system for IoT},
  author={Mbarek, Bacem and Jabeur, Nafaa and Pitner, Tom{\'a}s and others},
  journal={Personal and Ubiquitous Computing},
  pages={1--8},
  year={2019},
  publisher={Springer}
}
@article{oktian2020hierarchical,
  title={Hierarchical multi-blockchain architecture for scalable internet of things environment},
  author={Oktian, Yustus Eko and Lee, Sang-Gon and Lee, Hoon Jae},
  journal={Electronics},
  volume={9},
  number={6},
  pages={1050},
  year={2020},
  publisher={Multidisciplinary Digital Publishing Institute}
}
@article{global2020,
  title={Global blockchain technology and application innovation status, trends and enlightenment},
  author={ Liu Xizi}
}
@article{VN2020,
  title={车联网网络安全白皮书},
  author={中汽数据有限公司}
}
@inproceedings{wagner2018cyber,
  title={Cyber-physical transactions: A method for securing VANETs with blockchains},
  author={Wagner, Matthew and McMillin, Bruce},
  booktitle={2018 IEEE 23rd Pacific Rim International Symposium on Dependable Computing (PRDC)},
  pages={64--73},
  year={2018},
  organization={IEEE}
}
@inproceedings{liu2014geohash,
  title={A geohash-based index for spatial data management in distributed memory},
  author={Liu, Jiajun and Li, Haoran and Gao, Yong and Yu, Hao and Jiang, Dan},
  booktitle={2014 22Nd international conference on geoinformatics},
  pages={1--4},
  year={2014},
  organization={IEEE}
}
@article{edler2019simplicity,
  title={The simplicity of Modern audiovisual web cartography: an example with the open-source JavaScript Library leaflet. js},
  author={Edler, Dennis and Vetter, Mark},
  journal={KN-Journal of Cartography and Geographic Information},
  volume={69},
  number={1},
  pages={51--62},
  year={2019},
  publisher={Springer}
}
@misc{leafletweb,
  title={Leaflet-An Open-Source JavaScript Library for Mobile-Friendly Interactive Maps}
}
@inproceedings{brambilla2016adgt,
  title={Adgt. js: a web application framework for peer-to-peer location-based services},
  author={Brambilla, Giacomo and Amoretti, Michele and Zanichelli, Francesco},
  booktitle={European Conference on Parallel Processing},
  pages={248--259},
  year={2016},
  organization={Springer}
}
@article{li2018bringing,
  title={Bringing geospatial data closer to mobile users: A caching approach based on vector tiles for wireless multihop scenarios},
  author={Li, Chao and Lu, Huimei and Xiang, Yong and Liu, Zhuoqun and Yang, Wanli and Liu, Ruilin},
  journal={Mobile Information Systems},
  volume={2018},
  year={2018},
  publisher={Hindawi}
}
@inproceedings{lawder2000using,
  title={Using space-filling curves for multi-dimensional indexing},
  author={Lawder, Jonathan K and King, Peter JH},
  booktitle={British National Conference on Databases},
  pages={20--35},
  year={2000},
  organization={Springer}
}
@article{zhou2020geohashtile,
  title={GeohashTile: Vector geographic data display method based on geohash},
  author={Zhou, Chang and Lu, Huimei and Xiang, Yong and Wu, Jingbang and Wang, Feng},
  journal={ISPRS International Journal of Geo-Information},
  volume={9},
  number={7},
  pages={418},
  year={2020},
  publisher={Multidisciplinary Digital Publishing Institute}
}

@article{lposition,
  title={基于区块链和手机传感器的车辆位置验证},
  author={李玮琪},
  year={2020}
}